<record xmlns:xsi="http://www.w3.org/2001/XMLSchema-instance" xmlns="http://www.loc.gov/MARC21/slim" xsi:schemaLocation="http://www.loc.gov/MARC21/slim http://www.loc.gov/standards/marcxml/schema/MARC21slim.xsd">

  <leader>00698nam a2200193Ia 4500</leader>
  <datafield ind1=" " ind2=" " tag="999">
    <subfield code="c">655</subfield>
    <subfield code="d">655</subfield>
  </datafield>
  <controlfield tag="008">170320b2009    cr ||||| |||| 00| | spa d</controlfield>
  <datafield ind2=" " ind1=" " tag="020">
    <subfield code="a">9789968818612</subfield>
  </datafield>
  <datafield tag="090" ind2=" " ind1=" ">
    <subfield code="a">06.03.06 </subfield>
    <subfield code="b">423</subfield>
  </datafield>
  <datafield tag="100" ind2=" " ind1="1">
    <subfield code="a">Us Soc, Pedro</subfield>
    <subfield code="9">2491</subfield>
  </datafield>
  <datafield tag="245" ind2="3" ind1="1">
    <subfield code="a">La Práctica de los valores en el aula / </subfield>
    <subfield code="c">Pedro Us Soc</subfield>
  </datafield>
  <datafield tag="260" ind1=" " ind2=" ">
    <subfield code="a">San José, Costa Rica : </subfield>
    <subfield code="b">Coordinación Educativa y Cultural Centroamericana CEEC/SICA, </subfield>
    <subfield code="c">2009</subfield>
  </datafield>
  <datafield tag="300" ind1=" " ind2=" ">
    <subfield code="a">120 páginas</subfield>
  </datafield>
  <datafield ind2=" " ind1=" " tag="490">
    <subfield code="a">Colección Pedagógica Formación Inicial de Docentes Centroamericanos de Educación Básica;</subfield>
    <subfield code="v">14</subfield>
  </datafield>
  <datafield ind2="4" ind1="1" tag="650">
    <subfield code="a">VALORES SOCIALES</subfield>
    <subfield code="9">594</subfield>
  </datafield>
  <datafield tag="650" ind1="1" ind2="4">
    <subfield code="a">ENSEÑANZA</subfield>
    <subfield code="9">14</subfield>
  </datafield>
  <datafield tag="650" ind2="4" ind1="1">
    <subfield code="a">VALORES MORALES</subfield>
    <subfield code="9">693</subfield>
  </datafield>
  <datafield ind2="0" ind1="1" tag="650">
    <subfield code="a">EDUCACIÓN EN VALORES</subfield>
    <subfield code="9">719</subfield>
  </datafield>
  <datafield tag="942" ind2=" " ind1=" ">
    <subfield code="2">z</subfield>
    <subfield code="c">01</subfield>
  </datafield>
</record>